@book{mittelbach2004lc,
  author = {F. Mittelbach and M. Goossens and J. Braams and D. Carlisle and C. Rowley},
  day = 22,
  edition = {Second},
  interhash = {eba498513c04f6f55c92fb3d83fb16fc},
  intrahash = {dc5dbf30281bd8a2b429c880306393bc},
  publisher = {Addison-Wesley Professional},
  title = {{The \LaTeX~Companion}},
  year = 2004,
  keywords = {latex latexcompanion},
  added-at = {2010-08-02T18:59:03.000+0200},
  biburl = {http://www.bibsonomy.org/bibtex/2dc5dbf30281bd8a2b429c880306393bc/averroes},
  month = {April}
}

