@inproceedings{FSO09:Tsukamoto2008,
  author        = "Tsukamoto, K. and Onodera, H. and Kyung-Hwan Kim and Nakamura, T. and Higashino, T. and Aburakawa, Y. and Komaki, S. and Wakamori, K. and Takahashi, K. and Suzuki, T. and Kazaura, K. and Shah, A.M. and Omae, K. and Matsumoto, M. and Satou, T.",
  organization	= "Grad. Sch. of Eng., Osaka Univ., Suita",
  title         = "Link design of Radio on Free Space Optic system for heterogeneous wireless services",
  booktitle     = "Microwave Photonics, 2008. Jointly held with the 2008 Asia-Pacific Microwave Photonics Conference. MWP/APMP 2008. International Topicsl Meeting on",
  address       = "Gold Coast, Qld",
  month         = sep # "/" # oct,
  year          = "2008",
  pages         = "232-235"
}

@inproceedings{FSO09:Mahdy2008,
  author        = "Mahdy, A.M. and Deogun, J.S.",
  title         = "Optimizing Free Space Optics for City-Wide Wireless Networks",
  booktitle     = "Networking, 2007. ICN '07. Sixth International Conference on",
  address       = "Martinique",
  month         = apr,
  year          = "2008",
  pages         = "66-66"
}

@inproceedings{FSO09:Fukamoto05,
  author        = "Fukumoto, N. and Murakoshi, A. and Tsukamoto, K. and Komaki, S.",
  title         = "A Study on Unrepeatered Distributed Antenna Method with Convex Mirrors for Radio on Free Space Optics System",
  booktitle     = "Microwave Photonics, 2005. MWP 2005. International Topical Meeting on",
  month         = oct,
  year          = "2005",
  pages         = "185-188"
}

@inproceedings{FSO09:Yoshida07,
  author        = "Yoshida, K. and Tsujimura, T. and Shiraki, K. and Sankawa, I.",
  title         = "A free space optics system for seamless transmission between single-mode optical fibers",
  booktitle     = "SICE, 2007. Annual Conference",
  address       = "Takamatsu",
  month         = sep,
  year          = "2007",
  pages         = "2333-2336"
}

@inproceedings{FSO09:Yoshida08,
  author        = "Yoshida, K. and Tsujimura, T. and Kurashima, T.",
  title         = "Seamless transmission between single-mode optical fibers using free space optics system",
  booktitle     = "SICE Annual Conference, 2008",
  address       = "Tokyo",
  month         = aug,
  year          = "2008",
  pages         = "2219-2222"
}

@inproceedings{FSO09:Mecherle02,
  author        = "Mecherle, G.S.",
  organization  = "fSONA",
  title         = "Active pointing for terrestrial free space optics",
  booktitle     = "Lasers and Electro-Optics Society, 2002. LEOS 2002. The 15th Annual Meeting of the IEEE",
  month         = nov,
  year          = "2002",
  volume	= "2",
  pages         = "451-452"
}

@inproceedings{FSO09:Moresco08,
  author        = "Moresco, M. and Leone, A. and Curti, F. and Beleffi, G. Tosi   Forin, D. and Cincotti, G. and Moreolo, M. Svaluto and Teixeira, A.",
  organization	= "University Roma Tre, Via della Vasca Navale 84, 00146 Rome, Italy",
  title         = "Dense Wavelength Division Multiplexed Transparent for ultrahigh bit rate applications and single channel Opaque Free Space Optics Systems",
  booktitle     = "Optical Communications, 2006. ECOC 2006. European Conference on",
  address       = "Cannes, France",
  month         = sep,
  year          = "2008",
  pages         = "1-2"
}

@inproceedings{FSO09:Forin07,
  author        = "Forin, D.M. and Tosi Beleffi, G.M. and Curti, F. and Corsi, N. and De Sanctis, V. and Sacchieri, V. and Teixeira, A.J.L. and Cincotti, G.",
  title         = "On field test of a Wavelength Division Multiplexing Free Space Optics transmission at very high bit rates",
  booktitle     = "Telecommunications, 2007. ConTel 2007. 9th International Conference on",
  address       = "Zagreb",
  month         = jun,
  year          = "2007",
  pages         = "77-80"
}
